<?xml version="1.0" encoding="UTF-8"?><collection><record><leader>09058ntm a2200781 a 4500</leader><controlfield tag="001">005984410</controlfield><controlfield tag="003">MiAaHDL</controlfield><controlfield tag="005">20190719000000.0</controlfield><controlfield tag="006">m        d        </controlfield><controlfield tag="007">cr bn ---auaua</controlfield><controlfield tag="008">090403m16911726tu            00| ||ara d</controlfield><datafield tag="035" ind1=" " ind2=" "><subfield code="a">(MiU)005984410</subfield></datafield><datafield tag="035" ind1=" " ind2=" "><subfield code="a">sdr-miu005984410</subfield></datafield><datafield tag="040" ind1=" " ind2=" "><subfield code="a">MiU</subfield><subfield code="c">MiU</subfield><subfield code="e">amremm</subfield></datafield><datafield tag="043" ind1=" " ind2=" "><subfield code="a">n-us-mi</subfield></datafield><datafield tag="245" ind1="1" ind2="0"><subfield code="6">880-02</subfield><subfield code="a">[Ithbāt al-wājib ... etc.,</subfield><subfield code="f">1102 and 1139, i.e. 1691 and 1726].</subfield></datafield><datafield tag="246" ind1="3" ind2=" "><subfield code="i">Edge title:</subfield><subfield code="a">مجموعة اثبات الواجب وحاشية قازاباجي</subfield></datafield><datafield tag="260" ind1=" " ind2=" "><subfield code="a">[Istanbul and Kilis,</subfield><subfield code="c">1691 and 1726]</subfield></datafield><datafield tag="300" ind1=" " ind2=" "><subfield code="a">257 leaves :</subfield><subfield code="b">paper ;</subfield><subfield code="c">202 x 140 (130-160 x 50-70) mm. bound to 202 x 145 mm.</subfield></datafield><datafield tag="500" ind1=" " ind2=" "><subfield code="a">Shelfmark: Ann Arbor, University of Michigan, Special Collections Library, Isl. Ms. 32</subfield></datafield><datafield tag="500" ind1=" " ind2=" "><subfield code="a">Origin: As appears in colophon on p.161, [1] copied by ʻAlī ibn Muṣṭafá in Istanbul (in the Çavuş Medresesi [?]) with transcription completed Rabīʻ I 1139 [1726]. As appears in colophon on p.242, [2] copied in Kilis, first of Rajab 1102 [ca. 31 March 1691] (name of copyist not provided). Works [3] and [4] lack dated colophons though likely copied at the time of [2].</subfield></datafield><datafield tag="500" ind1=" " ind2=" "><subfield code="a">Accompanying materials: Slip carrying glosses, etc. (paginated pp.235-236).</subfield></datafield><datafield tag="500" ind1=" " ind2=" "><subfield code="a">Former shelfmark: British Museum, London "No. 142. Ithbat al-wajib, with commentaries." ; "۳۹۱".</subfield></datafield><datafield tag="500" ind1=" " ind2=" "><subfield code="a">Binding: Pasteboards covered in red leather and mint-green tinted paper ; upper and lower covers bear border and cornerpieces in incised fillets ; Type II binding (with flap) ; board linings in laid paper ; sewn in dark pink thread, two stations, with primaries in yellow ; endbands in yellow and pink ; in fair condition with some abrasion, staining, lifting of paper and leather, slight spine slant (cocked), etc.</subfield></datafield><datafield tag="500" ind1=" " ind2=" "><subfield code="a">Support: European laid paper in several types ; paper of [1] well-burnished, quite smooth and glossy with 12 laid lines per cm. (vertical) and chain lines spaced 21-22 mm. apart (horizontal) ; papers of [2], [3], and [4] including one with laid lines 9-10 per cm. (vertical), chain lines spaced 20-29 mm. apart (horizontal), and watermark of crown above bar with initials "V R N" above grapes (see p.230, 242, 510, 514, etc.) and 'B B' countermark ; flyleaves in a bright orange surface tinted European laid paper.</subfield></datafield><datafield tag="500" ind1=" " ind2=" "><subfield code="a">Decoration: Simple illuminated headpiece (ʻunwān) on fol.1b (p.4) in effect of rectangular piece surmounted by semi-circular piece (dome) and vertical stalks (tīgh) all in gold ; red rule-border appears surrounding text of first work ; gold frame surrounds text of incipit and facing page for first work ; all texts rubricated with keywords, headings, overlining, etc. in red ; textual dividers in the form of inverted commas.</subfield></datafield><datafield tag="500" ind1=" " ind2=" "><subfield code="a">Script: Naskh ; several Turkish and or Persianate hands ; hand of [1] approaching nastaʻlīq, serifless with effect of tilt to the right and occasional descent of words to baseline ; majority hand supplying [2], [3] and [4] rather similar, serifless with mainly closed counters, occasional sweeping descenders, interesting form of قوله with waw, lām and hāʼ assimilated in an upward and right-sweeping loop ; hand near close of [2] exhibits strong effect of tilt to the left and descent of words to baseline.</subfield></datafield><datafield tag="500" ind1=" " ind2=" "><subfield code="a">Layout: Written in 25 lines [1], 17 lines [2], 17 lines [3] and 19 lines [4] per page ; frame-ruled.</subfield></datafield><datafield tag="500" ind1=" " ind2=" "><subfield code="a">Collation: i, 10 V(100), VI (112), IV (120), 5 V(170), II (174), 8 V(254), I+1 (257), i ; chiefly quinions ; catchwords present (both set apart and simply repeating last word of final line at head of first line of recto of following leaf) ; pagination in pencil, Western numerals, supplied during digitization (includes flyleaves and insert).</subfield></datafield><datafield tag="500" ind1=" " ind2=" "><subfield code="a">Colophon: [1] "Scribal," rectangular, reads: "كتبه علي بن مصطفى قريه نورشوى [؟] عفى ذنوبه غفر غفر الله ولوالديه واحسن اليهما في بلدة قسطنطنية بمدرسة چاوش ... دار الحديث في شهر ربيع الاول سنة تسع وثلاثون ومائة والف" ; [2] "Scribal," triangular, reads: "تمت الرسالة المتبركة في اثبات الواجب المنسوبة الى المولى المحقق الجلال الدواني الصديقي في بلد كليس في اول رجب في سنة اثنان ومائة بعد بعد [كذا] الف"</subfield></datafield><datafield tag="500" ind1=" " ind2=" "><subfield code="a">Explicit: "قوله ولا بد من فيه من دليل اقول الدليل عليه ان الشيء الاول الذي كان وجود العلة دائرا على وجوده اذا عدم كان يكفي"</subfield></datafield><datafield tag="500" ind1=" " ind2=" "><subfield code="a">Incipit: "الحمد لله رب العالمين والصلوة والسلام على خير خلقه محمد خاتم النبيين وعلى اله وصحبه اجمعين قوله ففيما ذكره تفسير او تفريع بطريق الدمج ..."</subfield></datafield><datafield tag="500" ind1=" " ind2=" "><subfield code="a">Title supplied by cataloguer.</subfield></datafield><datafield tag="500" ind1=" " ind2=" "><subfield code="a">Ms. composite codex.</subfield></datafield><datafield tag="505" ind1="0" ind2=" "><subfield code="a">6. fol.256b-fol.257b : [blank].</subfield></datafield><datafield tag="505" ind1="0" ind2=" "><subfield code="a">5. fol.175a-fol.256a : Ḥāshiyat Ithbāt al-wājib / lil-Mīrzā Jān.</subfield></datafield><datafield tag="505" ind1="0" ind2=" "><subfield code="a">4. fol.174b-fol.175a : [blank].</subfield></datafield><datafield tag="505" ind1="0" ind2=" "><subfield code="a">5. fol.122b-fol.174a : Sharḥ Ithbāt al-wājib / lil-Ḥanafī.</subfield></datafield><datafield tag="505" ind1="0" ind2=" "><subfield code="a">4. fol.121a-fol.122a : [blank].</subfield></datafield><datafield tag="505" ind1="0" ind2=" "><subfield code="a">3. fol.81a-fol.120b : al-Risālah al-Mutabarrakah fī Ithbāt al-wājib / lil-Dawānī [Dawwānī].</subfield></datafield><datafield tag="505" ind1="0" ind2=" "><subfield code="a">2. fol.80b : [blank].</subfield></datafield><datafield tag="505" ind1="0" ind2=" "><subfield code="a">1. fol.1a-fol.80a : Ḥāshiyah ʻalá Ḥāshiyat Sharḥ Ithbāt al-wājib /li-QāḍʻĀbādī [Qāzābādī].</subfield></datafield><datafield tag="510" ind1="4" ind2=" "><subfield code="a">Brockelmann, C. GAL,</subfield><subfield code="c">II, 217/11 ; SII, 307/11</subfield></datafield><datafield tag="520" ind1="8" ind2=" "><subfield code="a">Neat composite copy of a collection of texts (majmūʻah / mecmua) pertaining to the Risālah fī Ithbāt al-wājib of Jalāl al-Dīn al-Dawānī, opening with a supergloss by Qāzābādī on the supergloss of Mīrzā Jān on the commentary attributed to Mullā Ḥanafī, next the matn of al-Dawānī's Risālah, next the commentary attributed to Mullā Ḥanafī and finally the supergloss of Mīrzā Jān, which ends abruptly and appears incomplete.</subfield></datafield><datafield tag="538" ind1=" " ind2=" "><subfield code="a">Mode of access: Internet.</subfield></datafield><datafield tag="541" ind1=" " ind2=" "><subfield code="c">Purchase ;</subfield><subfield code="a">Acquired by purchase along with Abdul Hamid Collection (funds donated by Horace Rackham).</subfield><subfield code="d">1924.</subfield></datafield><datafield tag="546" ind1=" " ind2=" "><subfield code="a">Arabic.</subfield></datafield><datafield tag="561" ind1=" " ind2=" "><subfield code="a">Bookplate of British Museum, London on inner front cover,"British Museum, London. No. 142. Ithbat al-wajib, with commentaries." ; circular seal impression with figure of goat/gazelle in purple ink as well as inscription "125" in Western numerals on front flyleaf (p.1) ; circular waqf-seal impression in black ink appears on fol.1a (p.3) and several places throughout reads: "هذا وقف الراجي فيض الصمدي الشيخ احمد ضيا الدين ابن مصطفى الخالدي فمن بدله بعد ما سمعه فانما اثمه على الذين يبدلونه" in name of Aḥmad Ḍiyāʼ al-Dīn ibn Muṣṭafá al-Khālidī (i.e. Ahmed Ziyâüddîn Gümüşhanevî, d. 1893 or 4) ; also on fol.1a (p.3) ownership statement reads "من اثبت الآلاء على العبد المحض محمد سعيد مندلياتى زاده" ; numerous marginal and interlinear glosses and corrections throughout.</subfield></datafield><datafield tag="600" ind1="1" ind2="0"><subfield code="a">Mīrzā Jān, Ḥabīb Allāh,</subfield><subfield code="d">-1586?</subfield><subfield code="t">Ḥāshiyat Ithbāt al-wājib lil-Mīrzā Jān.</subfield></datafield><datafield tag="600" ind1="0" ind2="0"><subfield code="a">Mullā Ḥanafī,</subfield><subfield code="d">fl. 1520.</subfield><subfield code="t">Sharḥ Ithbāt al-wājib lil-Ḥanafī.</subfield></datafield><datafield tag="600" ind1="1" ind2="0"><subfield code="a">Dawwānī, Muḥammad ibn Asʻad,</subfield><subfield code="d">1426 or 1427-1512 or 1513.</subfield><subfield code="t">Risālah qadīmah li-ithbāt al-wājib.</subfield></datafield><datafield tag="650" ind1=" " ind2="0"><subfield code="a">Manuscripts, Arabic</subfield><subfield code="z">Michigan</subfield><subfield code="z">Ann Arbor.</subfield></datafield><datafield tag="650" ind1=" " ind2="0"><subfield code="a">Islam</subfield><subfield code="x">Doctrines</subfield><subfield code="v">Early works to 1800.</subfield></datafield><datafield tag="650" ind1=" " ind2="0"><subfield code="a">God (Islam)</subfield><subfield code="x">Proof, ontological</subfield><subfield code="v">Early works to 1800.</subfield></datafield><datafield tag="655" ind1=" " ind2="7"><subfield code="a">Headpieces (layout features)</subfield><subfield code="y">18th century.</subfield><subfield code="2">aat</subfield></datafield><datafield tag="700" ind1="0" ind2=" "><subfield code="6">880-07</subfield><subfield code="a">ʻAlī ibn Muṣṭafá,</subfield><subfield code="d">fl. 1723,</subfield><subfield code="e">scribe.</subfield></datafield><datafield tag="700" ind1="1" ind2="2"><subfield code="6">880-06</subfield><subfield code="a">Qāzābādī, Aḥmad ibn Muḥammad.</subfield><subfield code="t">Ḥāshiyah ʻalá Ḥāshiyat Sharḥ Ithbāt al-wājib.</subfield></datafield><datafield tag="700" ind1="1" ind2="2"><subfield code="6">880-05</subfield><subfield code="a">Mīrzā Jān, Ḥabīb Allāh,</subfield><subfield code="d">-1586?</subfield><subfield code="t">Ḥāshiyat Ithbāt al-wājib lil-Mīrzā Jān.</subfield></datafield><datafield tag="700" ind1="0" ind2="2"><subfield code="6">880-04</subfield><subfield code="a">Mullā Ḥanafī,</subfield><subfield code="d">fl. 1520.</subfield><subfield code="t">Sharḥ Ithbāt al-wājib lil-Ḥanafī.</subfield></datafield><datafield tag="740" ind1="2" ind2="2"><subfield code="a">الرسالة المتبركة في اثبات الواجب</subfield></datafield><datafield tag="773" ind1="0" ind2=" "><subfield code="a">Tiflis Collection.</subfield></datafield><datafield tag="880" ind1="0" ind2=" "><subfield code="6">700-07/</subfield><subfield code="a">علي بن مصطفى،</subfield><subfield code="e">ناسخ.</subfield></datafield><datafield tag="880" ind1="1" ind2="2"><subfield code="6">700-06/</subfield><subfield code="a">قازابادي، احمد بن محمد.</subfield><subfield code="t">حاشية على حاشية شرح اثبات الواجب.</subfield></datafield><datafield tag="880" ind1="1" ind2="2"><subfield code="6">700-05/</subfield><subfield code="a">ميرزا جان، حبيب الله.</subfield><subfield code="t">حاشية اثبات الواجب للميرزا جان.</subfield></datafield><datafield tag="880" ind1="0" ind2="2"><subfield code="6">700-04/</subfield><subfield code="a">ملا حنفي.</subfield><subfield code="t">شرح اثبات الواجب للحنفي.</subfield></datafield><datafield tag="880" ind1="1" ind2="0"><subfield code="6">245-02/</subfield><subfield code="a">[اثبات الواجب ... الخ,</subfield><subfield code="f">1139ه, 1726 أو 1727م].</subfield></datafield><datafield tag="880" ind1="1" ind2=" "><subfield code="6">100-00/</subfield><subfield code="a">دواني، محمد بن اسعد.</subfield></datafield><datafield tag="880" ind1="1" ind2=" "><subfield code="6">100-00/</subfield><subfield code="a">Dawwānī, Muḥammad ibn Asʻad,</subfield><subfield code="d">1426 or 1427-1512 or 1513.</subfield></datafield><datafield tag="CID" ind1=" " ind2=" "><subfield code="a">005984410</subfield></datafield><datafield tag="DAT" ind1="0" ind2=" "><subfield code="a">20190719102633.0</subfield><subfield code="b">20190719000000.0</subfield></datafield><datafield tag="DAT" ind1="1" ind2=" "><subfield code="a">20190719090653.0</subfield><subfield code="b">2019-07-19T16:11:11Z</subfield></datafield><datafield tag="DAT" ind1="2" ind2=" "><subfield code="a">2015-10-10T18:00:06Z</subfield></datafield><datafield tag="CAT" ind1=" " ind2=" "><subfield code="a">SDR-MIU</subfield><subfield code="d">EX LIBRIS - ALEPH</subfield><subfield code="l">prepare.pl-004-008</subfield></datafield><datafield tag="FMT" ind1=" " ind2=" "><subfield code="a">BK</subfield></datafield><datafield tag="HOL" ind1=" " ind2=" "><subfield code="0">sdr-miu005984410</subfield><subfield code="a">MiU</subfield><subfield code="b">SDR</subfield><subfield code="c">MIU</subfield><subfield code="p">mdp.39015079105337</subfield><subfield code="s">MIU</subfield><subfield code="1">005984410</subfield></datafield><datafield tag="974" ind1=" " ind2=" "><subfield code="b">MIU</subfield><subfield code="c">MIU</subfield><subfield code="d">20190719</subfield><subfield code="s">lit-dlps-dc</subfield><subfield code="u">mdp.39015079105337</subfield><subfield code="y">1726</subfield><subfield code="r">pd</subfield><subfield code="q">bib</subfield><subfield code="t">non-US bib date2, date type m &lt; 1896</subfield></datafield></record></collection>